@article{journals/pvldb/MarcusWKMM11,
  author    = {Adam Marcus and
               Eugene Wu and
               David R. Karger and
               Samuel Madden and
               Robert C. Miller},
  title     = {Human-powered Sorts and Joins},
  journal   = {PVLDB},
  volume    = {5},
  number    = {1},
  year      = {2011},
  pages     = {13-24},
  ee        = {http://www.vldb.org/pvldb/vol5/p013_adammarcus_vldb2012.pdf},
  bibsource = {DBLP, http://dblp.uni-trier.de}
}

@inproceedings{DBLP:conf/www/DemartiniDC12,
  author    = {Gianluca Demartini and
               Djellel Eddine Difallah and
               Philippe Cudr{\'e}-Mauroux},
  title     = {ZenCrowd: leveraging probabilistic reasoning and crowdsourcing
               techniques for large-scale entity linking},
  booktitle = {WWW},
  year      = {2012},
  pages     = {469-478},
  ee        = {http://doi.acm.org/10.1145/2187836.2187900},
  crossref  = {DBLP:conf/www/2012},
  bibsource = {DBLP, http://dblp.uni-trier.de}
}

@inproceedings{DBLP:conf/sigmod/WangLKFF13,
  author    = {Jiannan Wang and
               Guoliang Li and
               Tim Kraska and
               Michael J. Franklin and
               Jianhua Feng},
  title     = {Leveraging transitive relations for crowdsourced joins},
  booktitle = {SIGMOD Conference},
  year      = {2013},
  pages     = {229-240},
  ee        = {http://doi.acm.org/10.1145/2463676.2465280},
  crossref  = {DBLP:conf/sigmod/2013},
  bibsource = {DBLP, http://dblp.uni-trier.de}
}

@techreport{ilprints1049,
            type = {Technical Report},
           title = {Finding with the Crowd},
          author = {Anish Das Sarma and Aditya Parameswaran and Hector Garcia-Molina and Alon Halevy},
       publisher = {Stanford InfoLab},
     institution = {Stanford University},
        keywords = {crowd algorithms, searching, finding, location, crowdsourcing},
             url = {http://ilpubs.stanford.edu:8090/1049/},
}

@inproceedings{conf/www/DemartiniDC12,
  author    = {Gianluca Demartini and
               Djellel Eddine Difallah and
               Philippe Cudr{\'e}-Mauroux},
  title     = {{ZenCrowd}: leveraging probabilistic reasoning and crowdsourcing
               techniques for large-scale entity linking},
  booktitle = {WWW},
  year      = {2012},
  pages     = {469-478},
  ee        = {http://doi.acm.org/10.1145/2187836.2187900},
  crossref  = {DBLP:conf/www/2012},
  bibsource = {DBLP, http://dblp.uni-trier.de}
}

@phdthesis{widmer2012memoization,
  title={Memoization of Crowd-sourced Comparisons},
  author={Widmer, F.},
  year={2012},
  school={Master's Thesis Nr. 38, ETH Z{\"u}rich, Department of Computer Science, Systems Group, ETH Zurich, 2012}
}

@article{journals/Dawid79,
  author    = {A. P. Dawid and
               A. M. Skene},
  title     = {Maximum likelihood estimation of observer error-rates using the EM algorithm},
  journal   = {Applied Statistics},
  volume    = {28},
  number    = {1},
  year      = {1979},
  pages     = {20-28},
}

@article{DBLP:journals/pvldb/FengFKKMRWX11,
  author    = {Amber Feng and
               Michael J. Franklin and
               Donald Kossmann and
               Tim Kraska and
               Samuel Madden and
               Sukriti Ramesh and
               Andrew Wang and
               Reynold Xin},
  title     = {{CrowdDB}: Query Processing with the VLDB Crowd},
  journal   = {PVLDB},
  volume    = {4},
  number    = {12},
  year      = {2011},
  pages     = {1387-1390},
  ee        = {http://www.vldb.org/pvldb/vol4/p1387-feng.pdf},
  bibsource = {DBLP, http://dblp.uni-trier.de}
}

@inproceedings{Ipeirotis2010,
    author = {Ipeirotis, Panagiotis G. and Provost, Foster and Wang, Jing},
    title = {Quality management on Amazon Mechanical Turk},
    booktitle = {Proceedings of the ACM SIGKDD Workshop on Human Computation},
    year = {2010},
    pages = {64-67},
    numpages = {4},
}

@techreport{ilprints1047,
            type = {Technical Report},
           title = {Question Selection for Crowd Entity Resolution},
          author = {Steven Euijong Whang and Peter Lofgren and Hector Garcia-Molina},
       publisher = {Stanford InfoLab},
     institution = {Stanford University},
             url = {http://ilpubs.stanford.edu:8090/1047/},
}

@article{wais2010towards,
  title={Towards building a high-quality workforce with mechanical turk},
  author={Wais, P. and Lingamneni, S. and Cook, D. and Fennell, J. and Goldenberg, B. and Lubarov, D. and Marin, D. and Simons, H.},
  journal={Proceedings of Computational Social Science and the Wisdom of Crowds (NIPS)},
  pages={1--5},
  year={2010}
}

@inproceedings{conf/colt/DekelS09,
  author    = {Ofer Dekel and
               Ohad Shamir},
  title     = {Vox Populi: Collecting High-Quality Labels from a Crowd},
  booktitle = {COLT},
  year      = {2009},
  ee        = {http://www.cs.mcgill.ca/$\sim$colt2009/papers/037.pdf\#page=1},
  crossref  = {DBLP:conf/colt/2009},
  bibsource = {DBLP, http://dblp.uni-trier.de}
}

@inproceedings{conf/emnlp/SnowOJN08,
  author    = {Rion Snow and
               Brendan O'Connor and
               Daniel Jurafsky and
               Andrew Y. Ng},
  title     = {Cheap and Fast - But is it Good? Evaluating Non-Expert Annotations
               for Natural Language Tasks},
  booktitle = {EMNLP},
  year      = {2008},
  pages     = {254-263},
  ee        = {http://www.aclweb.org/anthology/D08-1027},
  crossref  = {DBLP:conf/emnlp/2008},
  bibsource = {DBLP, http://dblp.uni-trier.de}
}

@article{journals/pvldb/LiuLOSWZ12,
  author    = {Xuan Liu and
               Meiyu Lu and
               Beng Chin Ooi and
               Yanyan Shen and
               Sai Wu and
               Meihui Zhang},
  title     = {{CDAS}: A Crowdsourcing Data Analytics System},
  journal   = {PVLDB},
  volume    = {5},
  number    = {10},
  year      = {2012},
  pages     = {1040-1051},
  ee        = {http://vldb.org/pvldb/vol5/p1040_xuanliu_vldb2012.pdf},
  bibsource = {DBLP, http://dblp.uni-trier.de}
}

@inproceedings{conf/cidr/MarcusWMM11,
  author    = {Adam Marcus and
               Eugene Wu and
               Samuel Madden and
               Robert C. Miller},
  title     = {Crowdsourced Databases: Query Processing with People},
  booktitle = {CIDR},
  year      = {2011},
  pages     = {211-214},
  ee        = {http://www.cidrdb.org/cidr2011/Papers/CIDR11_Paper29.pdf},
  crossref  = {DBLP:conf/cidr/2011},
  bibsource = {DBLP, http://dblp.uni-trier.de}
}

@article{DBLP:journals/pvldb/WangKFF12,
  author    = {Jiannan Wang and
               Tim Kraska and
               Michael J. Franklin and
               Jianhua Feng},
  title     = {{CrowdER}: Crowdsourcing Entity Resolution},
  journal   = {PVLDB},
  volume    = {5},
  number    = {11},
  year      = {2012},
  pages     = {1483-1494},
  ee        = {http://vldb.org/pvldb/vol5/p1483_jiannanwang_vldb2012.pdf},
  bibsource = {DBLP, http://dblp.uni-trier.de}
}

@inproceedings{conf/cidr/ParameswaranP11,
  author    = {Aditya G. Parameswaran and
               Neoklis Polyzotis},
  title     = {Answering Queries using Humans, Algorithms and Databases},
  booktitle = {CIDR},
  year      = {2011},
  pages     = {160-166},
  ee        = {http://www.cidrdb.org/cidr2011/Papers/CIDR11_Paper19.pdf},
  crossref  = {DBLP:conf/cidr/2011},
  bibsource = {DBLP, http://dblp.uni-trier.de}
}

@article{journals/pvldb/ParameswaranSGPW11,
  author    = {Aditya G. Parameswaran and
               Anish Das Sarma and
               Hector Garcia-Molina and
               Neoklis Polyzotis and
               Jennifer Widom},
  title     = {Human-assisted graph search: it's okay to ask questions},
  journal   = {PVLDB},
  volume    = {4},
  number    = {5},
  year      = {2011},
  pages     = {267-278},
  ee        = {http://portal.acm.org/citation.cfm?id=1952377{\&}CFID=12591584{\&}CFTOKEN=15173685},
  bibsource = {DBLP, http://dblp.uni-trier.de}
}

@inproceedings{conf/sigmod/FranklinKKRX11,
  author    = {Michael J. Franklin and
               Donald Kossmann and
               Tim Kraska and
               Sukriti Ramesh and
               Reynold Xin},
  title     = {{CrowdDB}: answering queries with crowdsourcing},
  booktitle = {SIGMOD},
  year      = {2011},
  pages     = {61-72},
  ee        = {http://doi.acm.org/10.1145/1989323.1989331},
  crossref  = {DBLP:conf/sigmod/2011},
  bibsource = {DBLP, http://dblp.uni-trier.de}
}

@article{journals/cacm/DoanRH11,
  author    = {AnHai Doan and
               Raghu Ramakrishnan and
               Alon Y. Halevy},
  title     = {Crowdsourcing systems on the World-Wide Web},
  journal   = {Commun. ACM},
  volume    = {54},
  number    = {4},
  year      = {2011},
  pages     = {86-96},
  ee        = {http://doi.acm.org/10.1145/1924421.1924442},
  bibsource = {DBLP, http://dblp.uni-trier.de}
}

@inproceedings{conf/mobisys/YanKG10,
  author    = {Tingxin Yan and
               Vikas Kumar and
               Deepak Ganesan},
  title     = {CrowdSearch: exploiting crowds for accurate real-time image
               search on mobile phones},
  booktitle = {MobiSys},
  year      = {2010},
  pages     = {77-90},
  ee        = {http://doi.acm.org/10.1145/1814433.1814443},
  crossref  = {DBLP:conf/mobisys/2010},
  bibsource = {DBLP, http://dblp.uni-trier.de}
}

@inproceedings{conf/uist/BernsteinLMHAKCP10,
  author    = {Michael S. Bernstein and
               Greg Little and
               Robert C. Miller and
               Bj{\"o}rn Hartmann and
               Mark S. Ackerman and
               David R. Karger and
               David Crowell and
               Katrina Panovich},
  title     = {Soylent: a word processor with a crowd inside},
  booktitle = {UIST},
  year      = {2010},
  pages     = {313-322},
  ee        = {http://doi.acm.org/10.1145/1866029.1866078},
  crossref  = {DBLP:conf/uist/2010},
  bibsource = {DBLP, http://dblp.uni-trier.de}
}

@inproceedings{conf/uist/LittleCGM10,
  author    = {Greg Little and
               Lydia B. Chilton and
               Max Goldman and
               Robert C. Miller},
  title     = {{TurKit:} human computation algorithms on mechanical turk},
  booktitle = {UIST},
  year      = {2010},
  pages     = {57-66},
  ee        = {http://doi.acm.org/10.1145/1866029.1866040},
  crossref  = {DBLP:conf/uist/2010},
  bibsource = {DBLP, http://dblp.uni-trier.de}
}

@inproceedings{conf/chi/QuinnB211,
  author    = {Alexander J. Quinn and
               Benjamin B. Bederson},
  title     = {Human computation: a survey and taxonomy of a growing field},
  booktitle = {CHI},
  year      = {2011},
  pages     = {1403-1412},
  ee        = {http://doi.acm.org/10.1145/1978942.1979148},
  crossref  = {DBLP:conf/chi/2011},
  bibsource = {DBLP, http://dblp.uni-trier.de}
}

@article{journals/corr/abs-1202-2335,
  author    = {Beth Trushkowsky and
               Tim Kraska and
               Michael J. Franklin and
               Purnamrita Sarkar},
  title     = {Getting It All from the Crowd},
  journal   = {CoRR},
  volume    = {abs/1202.2335},
  year      = {2012},
  ee        = {http://arxiv.org/abs/1202.2335},
  bibsource = {DBLP, http://dblp.uni-trier.de}
}


@inproceedings{conf/icde/BethTMP13,
  author    = {Beth Trushkowsky and
               Tim Kraska and
               Michael J. Franklin and
               Purnamrita Sarkar},
  title     = {Crowdsourced Enumeration Queries},
  booktitle = {ICDE},
  year      = {2013},
  pages     = {673-684},
}

@inproceedings{conf/sigmod/ParameswaranGPPRW12,
  author    = {Aditya G. Parameswaran and
               Hector Garcia-Molina and
               Hyunjung Park and
               Neoklis Polyzotis and
               Aditya Ramesh and
               Jennifer Widom},
  title     = {{CrowdScreen}: algorithms for filtering data with humans},
  booktitle = {SIGMOD Conference},
  year      = {2012},
  pages     = {361-372},
  ee        = {http://doi.acm.org/10.1145/2213836.2213878},
  crossref  = {DBLP:conf/sigmod/2012},
  bibsource = {DBLP, http://dblp.uni-trier.de}
}

@inproceedings{conf/uist/KitturSKK11,
  author    = {Aniket Kittur and
               Boris Smus and
               Susheel Khamkar and
               Robert E. Kraut},
  title     = {{CrowdForge:} crowdsourcing complex work},
  booktitle = {UIST},
  year      = {2011},
  pages     = {43-52},
  ee        = {http://doi.acm.org/10.1145/2047196.2047202},
  crossref  = {DBLP:conf/uist/2011},
  bibsource = {DBLP, http://dblp.uni-trier.de}
}

@inproceedings{conf/chi/Little10,
  author    = {Greg Little},
  title     = {Exploring iterative and parallel human computation processes},
  booktitle = {CHI Extended Abstracts},
  year      = {2010},
  pages     = {4309-4314},
  ee        = {http://doi.acm.org/10.1145/1753846.1754145},
  crossref  = {DBLP:conf/chi/2010a},
  bibsource = {DBLP, http://dblp.uni-trier.de}
}

@inproceedings{little2010exploring,
  title={Exploring iterative and parallel human computation processes},
  author={Little, Greg and Chilton, Lydia B and Goldman, Max and Miller, Robert C},
  booktitle={Proceedings of the ACM SIGKDD workshop on human computation},
  pages={68--76},
  year={2010},
  organization={ACM}
}

@inproceedings{conf/www/VenetisGHP12,
  author    = {Petros Venetis and
               Hector Garcia-Molina and
               Kerui Huang and
               Neoklis Polyzotis},
  title     = {Max algorithms in crowdsourcing environments},
  booktitle = {WWW},
  year      = {2012},
  pages     = {989-998},
  ee        = {http://doi.acm.org/10.1145/2187836.2187969},
  crossref  = {DBLP:conf/www/2012},
  bibsource = {DBLP, http://dblp.uni-trier.de}
}

@inproceedings{conf/sigmod/GuoPG12,
  author    = {Stephen Guo and
               Aditya G. Parameswaran and
               Hector Garcia-Molina},
  title     = {So who won?: dynamic max discovery with the crowd},
  booktitle = {SIGMOD Conference},
  year      = {2012},
  pages     = {385-396},
  ee        = {http://doi.acm.org/10.1145/2213836.2213880},
  crossref  = {DBLP:conf/sigmod/2012},
  bibsource = {DBLP, http://dblp.uni-trier.de}
}

@inproceedings{conf/socialcom/YuenKL11,
  author    = {Man-Ching Yuen and
               Irwin King and
               Kwong-Sak Leung},
  title     = {A Survey of Crowdsourcing Systems},
  booktitle = {SocialCom/PASSAT},
  year      = {2011},
  pages     = {766-773},
  ee        = {http://doi.ieeecomputersociety.org/10.1109/PASSAT/SocialCom.2011.203},
  crossref  = {DBLP:conf/socialcom/2011},
  bibsource = {DBLP, http://dblp.uni-trier.de}
}





@inproceedings{conf/uist/LittleCGM10,
  author    = {Greg Little and
               Lydia B. Chilton and
               Max Goldman and
               Robert C. Miller},
  title     = {TurKit: human computation algorithms on mechanical turk},
  booktitle = {UIST},
  year      = {2010},
  pages     = {57-66},
  ee        = {http://doi.acm.org/10.1145/1866029.1866040},
  crossref  = {DBLP:conf/uist/2010},
  bibsource = {DBLP, http://dblp.uni-trier.de}
}


@inproceedings{conf/uist/KitturSKK11,
  author    = {Aniket Kittur and
               Boris Smus and
               Susheel Khamkar and
               Robert E. Kraut},
  title     = {CrowdForge: crowdsourcing complex work},
  booktitle = {UIST},
  year      = {2011},
  pages     = {43-52},
  ee        = {http://doi.acm.org/10.1145/2047196.2047202},
  crossref  = {DBLP:conf/uist/2011},
  bibsource = {DBLP, http://dblp.uni-trier.de}
}

@inproceedings{conf/icde/McCannSD08,
  author    = {Robert McCann and
               Warren Shen and
               AnHai Doan},
  title     = {Matching Schemas in Online Communities: A Web 2.0 Approach},
  booktitle = {ICDE},
  year      = {2008},
  pages     = {110-119},
  ee        = {http://doi.ieeecomputersociety.org/10.1109/ICDE.2008.4497419},
  crossref  = {DBLP:conf/icde/2008},
  bibsource = {DBLP, http://dblp.uni-trier.de}
}


@techreport{ilprints1015,
            type = {Technical Report},
           title = {Deco: Declarative Crowdsourcing},
          author = {Aditya Parameswaran and Hyunjung Park and Hector Garcia-Molina and Neoklis Polyzotis and Jennifer Widom},
       publisher = {Stanford InfoLab},
     institution = {Stanford University},
        keywords = {declarative, crowdsourcing, data model, query language, query processing, semantics},
            note = {http://ilpubs.stanford.edu:8090/1015/},
}


@inproceedings{conf/chi/QuinnB11,
  author    = {Alexander J. Quinn and
							 Benjamin B. Bederson},
  title     = {Human-Machine Hybrid Computation},
  booktitle = {Position paper for CHI 2011 Workshop On Crowdsourcing And Human Computation},
  year      = {2011}
}
