@article{Gilmore1961,
  author = {P. C. Gilmore and R. E. Gomory},
  title = {A linear programming approach to the cutting-stock problem},
  journal = {Operations Research},
  volume = {9},
  number = {6},
  pages  = {849-859},
  year = {1961}
}

@article{journals/jacm/Tarjan75,
  author    = {Robert Endre Tarjan},
  title     = {Efficiency of a Good But Not Linear Set Union Algorithm},
  journal   = {J. ACM},
  volume    = {22},
  number    = {2},
  year      = {1975},
  pages     = {215-225},
  ee        = {http://doi.acm.org/10.1145/321879.321884},
  bibsource = {DBLP, http://dblp.uni-trier.de}
}

@inproceedings{conf/uist/LittleCGM10,
  author    = {Greg Little and
               Lydia B. Chilton and
               Max Goldman and
               Robert C. Miller},
  title     = {TurKit: human computation algorithms on mechanical turk},
  booktitle = {UIST},
  year      = {2010},
  pages     = {57-66},
  ee        = {http://doi.acm.org/10.1145/1866029.1866040},
  crossref  = {DBLP:conf/uist/2010},
  bibsource = {DBLP, http://dblp.uni-trier.de}
}


@article{journals/ml/BansalBC04,
  author    = {Nikhil Bansal and
               Avrim Blum and
               Shuchi Chawla},
  title     = {Correlation Clustering},
  journal   = {Machine Learning},
  volume    = {56},
  number    = {1-3},
  year      = {2004},
  pages     = {89-113},
  ee        = {http://dx.doi.org/10.1023/B:MACH.0000033116.57574.95},
  bibsource = {DBLP, http://dblp.uni-trier.de}
}

@inproceedings{conf/dmkd/MongeE97,
  author    = {Alvaro E. Monge and
               Charles Elkan},
  title     = {An Efficient Domain-Independent Algorithm for Detecting
               Approximately Duplicate Database Records},
  booktitle = {DMKD},
  year      = {1997},
  pages     = {23-29},
  bibsource = {DBLP, http://dblp.uni-trier.de}
}

@inproceedings{conf/sigmod/WhangMKTG09,
  author    = {Steven Euijong Whang and
               David Menestrina and
               Georgia Koutrika and
               Martin Theobald and
               Hector Garcia-Molina},
  title     = {Entity resolution with iterative blocking},
  booktitle = {SIGMOD Conference},
  year      = {2009},
  pages     = {219-232},
  ee        = {http://doi.acm.org/10.1145/1559845.1559870},
  crossref  = {DBLP:conf/sigmod/2009},
  bibsource = {DBLP, http://dblp.uni-trier.de}
}

@inproceedings{conf/acl/FinkelM08,
  author    = {Jenny Rose Finkel and
               Christopher D. Manning},
  title     = {Enforcing Transitivity in Coreference Resolution},
  booktitle = {ACL (Short Papers)},
  year      = {2008},
  pages     = {45-48},
  ee        = {http://www.aclweb.org/anthology/P08-2012},
  crossref  = {DBLP:conf/acl/2008s},
  bibsource = {DBLP, http://dblp.uni-trier.de}
}

@inproceedings{conf/sigmod/WangLF12,
  author    = {Jiannan Wang and
               Guoliang Li and
               Jianhua Feng},
  title     = {Can we beat the prefix filtering? {An} adaptive framework
               for similarity join and search},
  booktitle = {SIGMOD Conference},
  year      = {2012},
  pages     = {85-96},
  ee        = {http://doi.acm.org/10.1145/2213836.2213847},
  crossref  = {DBLP:conf/sigmod/2012},
  bibsource = {DBLP, http://dblp.uni-trier.de}
}


@article{Fellegi1969,
  author = {Ivan Peter Fellegi and Alan B. Sunter},
  title = {A theory for record linkage},
  journal = {Journal of the American Statistical Association},
  volume = {64},
  number = {328},
  pages  = {1183-1210},
  year = {1969}
}

@article{journals/pvldb/KopckeTR10,
  author    = {Hanna K{\"o}pcke and
               Andreas Thor and
               Erhard Rahm},
  title     = {Evaluation of entity resolution approaches on real-world
               match problems},
  journal   = {PVLDB},
  volume    = {3},
  number    = {1},
  year      = {2010},
  pages     = {484-493},
  ee        = {http://www.comp.nus.edu.sg/$\sim$vldb2010/proceedings/files/papers/E04.pdf},
  bibsource = {DBLP, http://dblp.uni-trier.de}
}

@article{journals/siamdm/GoldschmidtHHY96,
  author    = {Olivier Goldschmidt and
               Dorit S. Hochbaum and
               Cor A. J. Hurkens and
               Gang Yu},
  title     = {Approximation Algorithms for the {\it k}-Clique Covering
               Problem},
  journal   = {SIAM J. Discrete Math.},
  volume    = {9},
  number    = {3},
  year      = {1996},
  pages     = {492-509},
  ee        = {http://dx.doi.org/10.1137/S089548019325232X},
  bibsource = {DBLP, http://dblp.uni-trier.de}
}

@article{journals/Chvatal79,
     title = {A Greedy Heuristic for the Set-Covering Problem},
     author = {Chvatal, V.},
     journal = {Mathematics of Operations Research},
     volume = {4},
     number = {3},
     pages = {pp. 233-235},
     year = {1979},
     publisher = {INFORMS},
}

@article{journals/jacm/Feige98,
  author    = {Uriel Feige},
  title     = {A Threshold of ln {\it n} for Approximating Set Cover},
  journal   = {J. ACM},
  volume    = {45},
  number    = {4},
  year      = {1998},
  pages     = {634-652},
  ee        = {http://doi.acm.org/10.1145/285055.285059},
  bibsource = {DBLP, http://dblp.uni-trier.de}
}


@article{journals/tods/XiaoWLYW11,
  author    = {Chuan Xiao and
               Wei Wang and
               Xuemin Lin and
               Jeffrey Xu Yu and
               Guoren Wang},
  title     = {Efficient similarity joins for near-duplicate detection},
  journal   = {ACM Trans. Database Syst.},
  volume    = {36},
  number    = {3},
  year      = {2011},
  pages     = {15},
  ee        = {http://doi.acm.org/10.1145/2000824.2000825},
  bibsource = {DBLP, http://dblp.uni-trier.de}
}

@inproceedings{conf/www/BayardoMS07,
  author    = {Roberto J. Bayardo and
               Yiming Ma and
               Ramakrishnan Srikant},
  title     = {Scaling up all pairs similarity search},
  booktitle = {WWW},
  year      = {2007},
  pages     = {131-140},
  ee        = {http://doi.acm.org/10.1145/1242572.1242591},
  crossref  = {DBLP:conf/www/2007},
  bibsource = {DBLP, http://dblp.uni-trier.de}
}

@inproceedings{conf/icde/ChaudhuriGK06,
  author    = {Surajit Chaudhuri and
               Venkatesh Ganti and
               Raghav Kaushik},
  title     = {A Primitive Operator for Similarity Joins in Data Cleaning},
  booktitle = {ICDE},
  year      = {2006},
  pages     = {5},
  ee        = {http://doi.ieeecomputersociety.org/10.1109/ICDE.2006.9},
  crossref  = {DBLP:conf/icde/2006},
  bibsource = {DBLP, http://dblp.uni-trier.de}
}

@inproceedings{conf/kdd/BilenkoM03,
  author    = {Mikhail Bilenko and
               Raymond J. Mooney},
  title     = {Adaptive duplicate detection using learnable string similarity
               measures},
  booktitle = {KDD},
  year      = {2003},
  pages     = {39-48},
  ee        = {http://doi.acm.org/10.1145/956750.956759},
  crossref  = {DBLP:conf/kdd/2003},
  bibsource = {DBLP, http://dblp.uni-trier.de}
}

@inproceedings{conf/kdd/BilenkoM03,
  author    = {Mikhail Bilenko and
               Raymond J. Mooney},
  title     = {Adaptive duplicate detection using learnable string similarity
               measures},
  booktitle = {KDD},
  year      = {2003},
  pages     = {39-48},
  ee        = {http://doi.acm.org/10.1145/956750.956759},
  crossref  = {DBLP:conf/kdd/2003},
  bibsource = {DBLP, http://dblp.uni-trier.de}
}

@article{journals/siamcomp/Holyer81,
  author    = {Ian Holyer},
  title     = {The NP-Completeness of Some Edge-Partition Problems},
  journal   = {SIAM J. Comput.},
  volume    = {10},
  number    = {4},
  year      = {1981},
  pages     = {713-717},
  ee        = {http://dx.doi.org/10.1137/0210054},
  bibsource = {DBLP, http://dblp.uni-trier.de}
}

@article{Goulimis90,
  author={Goulimis, Constantine},
  title={Optimal solutions for the cutting stock problem},
  journal={European Journal of Operational Research},
  year=1990,
  volume={44},
  number={2},
  pages={197-208},
}

@article {Carvalho98,
author = {J. M. Val{\'e}rio and De Carvalho},
title = {Exact Solution of Cutting Stock Problems Using Column Generation and Branch-and-Bound},
journal = {International Transactions in Operational Research},
volume = {5},
number = {1},
pages = {35--44},
year = {1998},
}


@inproceedings{conf/sigmod/ArasuGK10,
  author    = {Arvind Arasu and
               Michaela G{\"o}tz and
               Raghav Kaushik},
  title     = {On active learning of record matching packages},
  booktitle = {SIGMOD Conference},
  year      = {2010},
  pages     = {783-794},
  ee        = {http://doi.acm.org/10.1145/1807167.1807252},
  crossref  = {DBLP:conf/sigmod/2010},
  bibsource = {DBLP, http://dblp.uni-trier.de}
}

@inproceedings{conf/kdd/SarawagiB02,
  author    = {Sunita Sarawagi and
               Anuradha Bhamidipaty},
  title     = {Interactive deduplication using active learning},
  booktitle = {KDD},
  year      = {2002},
  pages     = {269-278},
  ee        = {http://doi.acm.org/10.1145/775047.775087},
  crossref  = {DBLP:conf/kdd/2002},
  bibsource = {DBLP, http://dblp.uni-trier.de}
}

@article{journals/is/TejadaKM01,
  author    = {Sheila Tejada and
               Craig A. Knoblock and
               Steven Minton},
  title     = {Learning object identification rules for information integration},
  journal   = {Inf. Syst.},
  volume    = {26},
  number    = {8},
  year      = {2001},
  pages     = {607-633},
  ee        = {http://dx.doi.org/10.1016/S0306-4379(01)00042-4},
  bibsource = {DBLP, http://dblp.uni-trier.de}
}


@inproceedings{conf/sigmod/JefferyFH08,
  author    = {Shawn R. Jeffery and
               Michael J. Franklin and
               Alon Y. Halevy},
  title     = {Pay-as-you-go user feedback for dataspace systems},
  booktitle = {SIGMOD Conference},
  year      = {2008},
  pages     = {847-860},
  ee        = {http://doi.acm.org/10.1145/1376616.1376701},
  crossref  = {DBLP:conf/sigmod/2008},
  bibsource = {DBLP, http://dblp.uni-trier.de}
}

@inproceedings{conf/hdkm/Christen08,
  author    = {Peter Christen},
  title     = {FEBRL: a freely available record linkage system with a graphical user interface},
  booktitle = {HDKM},
  year      = {2008},
  pages     = {17-25},
}


@article{journals/tkde/Christen11,
  author    = {Peter Christen},
  title     = {A Survey of Indexing Techniques for Scalable Record Linkage
               and Deduplication},
  journal   = {IEEE Trans. Knowl. Data Eng.},
  volume    = {24},
  number    = {9},
  year      = {2012},
  pages     = {1537-1555},
  ee        = {http://dx.doi.org/10.1109/TKDE.2011.127},
  bibsource = {DBLP, http://dblp.uni-trier.de}
}


@article{DBLP:journals/tkde/ElmagarmidIV07,
  author    = {Ahmed K. Elmagarmid and
               Panagiotis G. Ipeirotis and
               Vassilios S. Verykios},
  title     = {Duplicate Record Detection: A Survey},
  journal   = {IEEE Trans. Knowl. Data Eng.},
  volume    = {19},
  number    = {1},
  year      = {2007},
  pages     = {1-16},
  ee        = {http://dx.doi.org/10.1109/TKDE.2007.250581},
  bibsource = {DBLP, http://dblp.uni-trier.de}
}