

@inproceedings{thor2007moma,
  title={MOMA-A Mapping-based Object Matching System.},
  author={Thor, Andreas and Rahm, Erhard},
  booktitle={CIDR},
  pages={247--258},
  year={2007}
}


@inproceedings{conf/hdkm/Christen08,
  author    = {Peter Christen},
  title     = {FEBRL: a freely available record linkage system with a graphical user interface},
  booktitle = {HDKM},
  year      = {2008},
  pages     = {17-25},
}


@article{benjelloun2009swoosh,
  author    = {Omar Benjelloun and
               Hector Garcia-Molina and
               David Menestrina and
               Qi Su and
               Steven Euijong Whang and
               Jennifer Widom},
  title     = {Swoosh: a generic approach to entity resolution},
  journal   = {VLDB J.},
  volume    = {18},
  number    = {1},
  year      = {2009},
  pages     = {255-276},
  ee        = {http://dx.doi.org/10.1007/s00778-008-0098-x},
  bibsource = {DBLP, http://dblp.uni-trier.de}
}

@article{tejada2001learning,
  title={Learning object identification rules for information integration},
  author={Tejada, Sheila and Knoblock, Craig A and Minton, Steven},
  journal={Information Systems},
  volume={26},
  number={8},
  pages={607--633},
  year={2001},
  publisher={Elsevier}
}

@article{zhao2005entity,
  title={Entity identification for heterogeneous database integrationâ€”a multiple classifier system approach and empirical evaluation},
  author={Zhao, Huimin and Ram, Sudha},
  journal={Information Systems},
  volume={30},
  number={2},
  pages={119--132},
  year={2005},
  publisher={Elsevier}
}

@inproceedings{chaudhuri2007example,
  title={Example-driven design of efficient record matching queries},
  author={Chaudhuri, Surajit and Chen, Bee-Chung and Ganti, Venkatesh and Kaushik, Raghav},
  booktitle={Proceedings of the 33rd international conference on Very large data bases},
  pages={327--338},
  year={2007},
  organization={VLDB Endowment}
}


@inproceedings{elfeky2002tailor,
  author    = {Mohamed G. Elfeky and
               Ahmed K. Elmagarmid and
               Vassilios S. Verykios},
  title     = {TAILOR: A Record Linkage Tool Box},
  booktitle = {ICDE},
  year      = {2002},
  pages     = {17-28},
  ee        = {http://doi.ieeecomputersociety.org/10.1109/ICDE.2002.994694},
  crossref  = {DBLP:conf/icde/2002},
  bibsource = {DBLP, http://dblp.uni-trier.de}
}

@inproceedings{trushkowsky2013crowdsourced,
  title={Crowdsourced enumeration queries},
  author={Trushkowsky, Beth and Kraska, Tim and Franklin, Michael J and Sarkar, Purnamrita},
  booktitle={Data Engineering (ICDE), 2013 IEEE 29th International Conference on},
  pages={673--684},
  year={2013},
  organization={IEEE}
}


@techreport{parkcrowdfill,
            type = {Technical Report},
           title = {CrowdFill: Collecting Structured Data from the Crowd},
          author = {Hyunjung Park and Jennifer Widom},
       publisher = {Stanford InfoLab},
     institution = {Stanford University},
             url = {http://ilpubs.stanford.edu:8090/1079/},
        
}


@article{mayfield2009statistical,
  title={A Statistical Method for Integrated Data Cleaning and Imputation},
  author={Mayfield, Chris and Neville, Jennifer and Prabhakar, Sunil},
  year={2009}
}

@inproceedings{mayfield2010eracer,
  title={ERACER: a database approach for statistical inference and data cleaning},
  author={Mayfield, Chris and Neville, Jennifer and Prabhakar, Sunil},
  booktitle={Proceedings of the 2010 ACM SIGMOD International Conference on Management of data},
  pages={75--86},
  year={2010},
  organization={ACM}
}



@article{jeung2010end,
  title={An End-to-End System for Cleaning Sensor Data: Model-Based Approaches},
  author={Jeung, Hoyoung and Sarni, Sofiane and Paparrizos, Ioannis and Sathe, Saket and Aberer, Karl},
  journal={Journal of Information Systems},
  year={2010}
}
