@book{weisberg2009total,
  title={The Total Survey Error Approach: A Guide to the New Science of Survey Research},
  author={Weisberg, H.F.},
  isbn={9780226891293},
  url={http://books.google.com/books?id=wQuuUsRNGF0C},
  year={2009},
  publisher={University of Chicago Press}
}

@book{valliant2000finite,
  title={Finite population sampling and inference: a prediction approach},
  author={Valliant, Richard and Dorfman, Alan H and Royall, Richard M},
  year={2000},
  publisher={Wiley New York}
}

@article{hansen1987some,
  title={Some history and reminiscences on survey sampling},
  author={Hansen, Morris H},
  journal={Statistical Science},
  volume={2},
  number={2},
  pages={180--190},
  year={1987},
  publisher={Institute of Mathematical Statistics}
}

@article{barnett1991sample,
  title={Sample survey},
  author={Barnett, Vic},
  journal={Principles and method},
  volume={3},
  year={1991}
}

@book{sarndal2003model,
  title={Model assisted survey sampling},
  author={Sarndal, Carl-Erik and Swensson, Bengt and Wretman, Jan H{\^u}akan},
  year={2003},
  publisher={Springer}
}

@book{kalton1983introduction,
  title={Introduction to survey sampling},
  author={Kalton, Graham},
  volume={7},
  number={35},
  year={1983},
  publisher={SAGE Publications, Incorporated}
}




@inproceedings{harnik2012estimation,
  author    = {Danny Harnik and
               Oded Margalit and
               Dalit Naor and
               Dmitry Sotnikov and
               Gil Vernik},
  title     = {Estimation of deduplication ratios in large data sets},
  booktitle = {MSST},
  year      = {2012},
  pages     = {1-11},
  ee        = {http://dx.doi.org/10.1109/MSST.2012.6232381},
  crossref  = {DBLP:conf/mss/2012},
  bibsource = {DBLP, http://dblp.uni-trier.de}
}



@inproceedings{considine2004approximate,
  author    = {Jeffrey Considine and
               Feifei Li and
               George Kollios and
               John W. Byers},
  title     = {Approximate Aggregation Techniques for Sensor Databases},
  booktitle = {ICDE},
  year      = {2004},
  pages     = {449-460},
  ee        = {http://doi.ieeecomputersociety.org/10.1109/ICDE.2004.1320018},
  crossref  = {DBLP:conf/icde/2004},
  bibsource = {DBLP, http://dblp.uni-trier.de}
}

@incollection{bar2002counting,
  title={Counting distinct elements in a data stream},
  author={Bar-Yossef, Ziv and Jayram, TS and Kumar, Ravi and Sivakumar, D and Trevisan, Luca},
  booktitle={Randomization and Approximation Techniques in Computer Science},
  pages={1--10},
  year={2002},
  publisher={Springer}
}


@inproceedings{haas1995sampling,
  author    = {Peter J. Haas and
               Jeffrey F. Naughton and
               S. Seshadri and
               Lynne Stokes},
  title     = {Sampling-Based Estimation of the Number of Distinct Values
               of an Attribute},
  booktitle = {VLDB},
  year      = {1995},
  pages     = {311-322},
  ee        = {http://www.vldb.org/conf/1995/P311.PDF},
  crossref  = {DBLP:conf/vldb/95},
  bibsource = {DBLP, http://dblp.uni-trier.de}
}


@inproceedings{beyer2007synopses,
  author    = {Kevin S. Beyer and
               Peter J. Haas and
               Berthold Reinwald and
               Yannis Sismanis and
               Rainer Gemulla},
  title     = {On synopses for distinct-value estimation under multiset
               operations},
  booktitle = {SIGMOD Conference},
  year      = {2007},
  pages     = {199-210},
  ee        = {http://doi.acm.org/10.1145/1247480.1247504},
  crossref  = {DBLP:conf/sigmod/2007},
  bibsource = {DBLP, http://dblp.uni-trier.de}
}



@book{hahn2011statistical,
  title={Statistical intervals: a guide for practitioners},
  author={Hahn, Gerald J and Meeker, William Q},
  volume={328},
  year={2011},
  publisher={Wiley. com}
}

@article{hinkley1988bootstrap,
  title={Bootstrap methods},
  author={Hinkley, David V},
  journal={Journal of the Royal Statistical Society. Series B},
  pages={321--337},
  year={1988},
  publisher={JSTOR}
}

@book{lee1990u,
  title={U-statistics: Theory and Practice},
  author={Lee, Jenny},
  year={1990},
  publisher={CRC Press}
}

@book{jacod1987limit,
  title={Limit theorems for stochastic processes},
  author={Jacod, Jean and Shiryaev, Albert N},
  volume={288},
  year={1987},
  publisher={Springer-Verlag Berlin}
}



@article{aldroubi2002non,
  title={Non-uniform weighted average sampling and reconstruction in shift-invariant and wavelet spaces},
  author={Aldroubi, Akram},
  journal={Applied and Computational Harmonic Analysis},
  volume={13},
  number={2},
  pages={151--161},
  year={2002},
  publisher={Elsevier}
}

@article{metropolis1953equation,
  title={Equation of state calculations by fast computing machines},
  author={Metropolis, Nicholas and Rosenbluth, Arianna W and Rosenbluth, Marshall N and Teller, Augusta H and Teller, Edward},
  journal={The journal of chemical physics},
  volume={21},
  pages={1087},
  year={1953}
}

@article{liu1996metropolized,
  title={Metropolized independent sampling with comparisons to rejection sampling and importance sampling},
  author={Liu, Jun S},
  journal={Statistics and Computing},
  volume={6},
  number={2},
  pages={113--119},
  year={1996},
  publisher={Springer}
}

@article{mcdiarmid1989method,
  title={On the method of bounded differences},
  author={McDiarmid, Colin},
  journal={Surveys in combinatorics},
  volume={141},
  number={1},
  pages={148--188},
  year={1989}
}

@incollection{jukna2012analysis,
  title={Analysis of Boolean Functions},
  author={Jukna, Stasys},
  booktitle={Boolean Function Complexity},
  pages={55--77},
  year={2012},
  publisher={Springer}
}

@book{kullback1997information,
  title={Information theory and statistics},
  author={Kullback, Solomon},
  year={1997},
  publisher={Courier Dover Publications}
}

@article{kleiner2011scalable,
  title={A scalable bootstrap for massive data},
  author={Kleiner, Ariel and Talwalkar, Ameet and Sarkar, Purnamrita and Jordan, Michael I},
  journal={arXiv preprint arXiv:1112.5016},
  year={2011}
}



@inproceedings{jordan2002discriminative,
  author    = {Andrew Y. Ng and
               Michael I. Jordan},
  title     = {On Discriminative vs. Generative Classifiers: A comparison
               of logistic regression and naive Bayes},
  booktitle = {NIPS},
  year      = {2001},
  pages     = {841-848},
  ee        = {http://www-2.cs.cmu.edu/Groups/NIPS/NIPS2001/papers/psgz/AA28.ps.gz},
  crossref  = {DBLP:conf/nips/2001},
  bibsource = {DBLP, http://dblp.uni-trier.de}
}



@inproceedings{charikar2000towards,
  author    = {Moses Charikar and
               Surajit Chaudhuri and
               Rajeev Motwani and
               Vivek R. Narasayya},
  title     = {Towards Estimation Error Guarantees for Distinct Values},
  booktitle = {PODS},
  year      = {2000},
  pages     = {268-279},
  ee        = {http://doi.acm.org/10.1145/335168.335230},
  crossref  = {DBLP:conf/pods/00},
  bibsource = {DBLP, http://dblp.uni-trier.de}
}