@inproceedings{DBLP:conf/sigmod/ColbyGLMT96,
  author    = {Latha S. Colby and
               Timothy Griffin and
               Leonid Libkin and
               Inderpal Singh Mumick and
               Howard Trickey},
  title     = {Algorithms for Deferred View Maintenance},
  booktitle = {SIGMOD Conference},
  year      = {1996},
  pages     = {469-480},
  ee        = {http://doi.acm.org/10.1145/233269.233364},
  crossref  = {DBLP:conf/sigmod/96},
  bibsource = {DBLP, http://dblp.uni-trier.de}
}

@inproceedings{bailis2014scalable,
  author    = {Peter Bailis and
               Alan Fekete and
               Joseph M. Hellerstein and
               Ali Ghodsi and
               Ion Stoica},
  title     = {Scalable atomic visibility with RAMP transactions},
  booktitle = {SIGMOD Conference},
  year      = {2014},
  pages     = {27-38},
  ee        = {http://doi.acm.org/10.1145/2588555.2588562},
  crossref  = {DBLP:conf/sigmod/2014},
  bibsource = {DBLP, http://dblp.uni-trier.de}
}



@inproceedings{nikolic2014linview,
  author    = {Milos Nikolic and
               Mohammed Elseidy and
               Christoph Koch},
  title     = {LINVIEW: incremental view maintenance for complex analytical queries},
  booktitle = {SIGMOD Conference},
  year      = {2014},
  pages     = {253-264},
  ee        = {http://doi.acm.org/10.1145/2588555.2610519},
  crossref  = {DBLP:conf/sigmod/2014},
  bibsource = {DBLP, http://dblp.uni-trier.de}
}


@inproceedings{percolator,
  author    = {Daniel Peng and Frank Dabek},
  title     = {Large-scale Incremental Processing Using Distributed Transactions and Notifications},
  booktitle = {OSDI},
  year      = {2010},
  pages     = {251-264},
  ee        = {http://www.usenix.org/events/osdi10/tech/full_papers/Peng.pdf},
  crossref  = {DBLP:conf/osdi/2010},
  bibsource = {DBLP, http://dblp.uni-trier.de}
}


@inproceedings{rainbird,
  title={Rainbird: Real-time analytics at Twitter},
  author={Kevin Weil},
  booktitle={Strata},
  year={2011}
}


@article{abadi2003aurora,
  author    = {Daniel J. Abadi and
               Donald Carney and
               Ugur \c{C}etintemel and
               Mitch Cherniack and
               Christian Convey and
               Sangdon Lee and
               Michael Stonebraker and
               Nesime Tatbul and
               Stanley B. Zdonik},
  title     = {Aurora: a new model and architecture for data stream management},
  journal   = {VLDB J.},
  volume    = {12},
  number    = {2},
  year      = {2003},
  pages     = {120-139},
  ee        = {http://dx.doi.org/10.1007/s00778-003-0095-z},
  bibsource = {DBLP, http://dblp.uni-trier.de}
}




@inproceedings{perez2014history,
  author    = {Luis Leopoldo Perez and
               Christopher M. Jermaine},
  title     = {History-aware query optimization with materialized intermediate
               views},
  booktitle = {ICDE},
  year      = {2014},
  pages     = {520-531},
  ee        = {http://dx.doi.org/10.1109/ICDE.2014.6816678},
  crossref  = {DBLP:conf/icde/2014},
  bibsource = {DBLP, http://dblp.uni-trier.de}
}

@inproceedings{golab2011consistency,
  author    = {Lukasz Golab and
               Theodore Johnson},
  title     = {Consistency in a Stream Warehouse},
  booktitle = {CIDR},
  year      = {2011},
  pages     = {114-122},
  ee        = {http://www.cidrdb.org/cidr2011/Papers/CIDR11_Paper13.pdf},
  crossref  = {DBLP:conf/cidr/2011},
  bibsource = {DBLP, http://dblp.uni-trier.de}
}



@article{golab2012scalable,
  author    = {Lukasz Golab and
               Theodore Johnson and
               Vladislav Shkapenyuk},
  title     = {Scalable Scheduling of Updates in Streaming Data Warehouses},
  journal   = {IEEE Trans. Knowl. Data Eng.},
  volume    = {24},
  number    = {6},
  year      = {2012},
  pages     = {1092-1105},
  ee        = {http://doi.ieeecomputersociety.org/10.1109/TKDE.2011.45},
  bibsource = {DBLP, http://dblp.uni-trier.de}
}



@article{liarou2012monetdb,
  author    = {Erietta Liarou and
               Stratos Idreos and
               Stefan Manegold and
               Martin L. Kersten},
  title     = {{MonetDB/DataCell}: Online Analytics in a Streaming Column-Store},
  journal   = {PVLDB},
  volume    = {5},
  number    = {12},
  year      = {2012},
  pages     = {1910-1913},
  ee        = {http://vldb.org/pvldb/vol5/p1910_eriettaliarou_vldb2012.pdf},
  bibsource = {DBLP, http://dblp.uni-trier.de}
}

@article{ghanem2010supporting,
  title={Supporting views in data stream management systems},
  author={Ghanem, Thanaa M and Elmagarmid, Ahmed K and Larson, Per-{\AA}ke and Aref, Walid G},
  journal={ACM Transactions on Database Systems (TODS)},
  volume={35},
  number={1},
  pages={1},
  year={2010},
  publisher={ACM}
}

@article{ghanem2010supporting,
  author    = {Thanaa M. Ghanem and
               Ahmed K. Elmagarmid and
               Per-{\AA}ke Larson and
               Walid G. Aref},
  title     = {Supporting views in data stream management systems},
  journal   = {ACM Trans. Database Syst.},
  volume    = {35},
  number    = {1},
  year      = {2010},
  ee        = {http://doi.acm.org/10.1145/1670243.1670244},
  bibsource = {DBLP, http://dblp.uni-trier.de}
}

@inproceedings{zaharia2012discretized,
  author    = {Matei Zaharia and
               Tathagata Das and
               Haoyuan Li and
               Timothy Hunter and
               Scott Shenker and
               Ion Stoica},
  title     = {Discretized streams: fault-tolerant streaming computation
               at scale},
  booktitle = {SOSP},
  year      = {2013},
  pages     = {423-438},
  ee        = {http://doi.acm.org/10.1145/2517349.2522737},
  crossref  = {DBLP:conf/sosp/2013},
  bibsource = {DBLP, http://dblp.uni-trier.de}
}

@inproceedings{he2010comet,
  author    = {Bingsheng He and
               Mao Yang and
               Zhenyu Guo and
               Rishan Chen and
               Bing Su and
               Wei Lin and
               Lidong Zhou},
  title     = {Comet: batched stream processing for data intensive distributed
               computing},
  booktitle = {SoCC},
  year      = {2010},
  pages     = {63-74},
  ee        = {http://doi.acm.org/10.1145/1807128.1807139},
  crossref  = {DBLP:conf/cloud/2010},
  bibsource = {DBLP, http://dblp.uni-trier.de}
}


@article{joshi2008materialized,
  author    = {Shantanu Joshi and
               Christopher M. Jermaine},
  title     = {Materialized Sample Views for Database Approximation},
  journal   = {IEEE Trans. Knowl. Data Eng.},
  volume    = {20},
  number    = {3},
  year      = {2008},
  pages     = {337-351},
  ee        = {http://dx.doi.org/10.1109/TKDE.2007.190664},
  bibsource = {DBLP, http://dblp.uni-trier.de}
}

@inproceedings{garofalakis2001approximate,
  author    = {Minos N. Garofalakis and
               Phillip B. Gibbons},
  title     = {Approximate Query Processing: Taming the TeraBytes},
  booktitle = {VLDB},
  year      = {2001},
  ee        = {http://www.vldb.org/conf/2001/tut4.pdf},
  crossref  = {DBLP:conf/vldb/2001},
  bibsource = {DBLP, http://dblp.uni-trier.de}
}

@inproceedings{DBLP:conf/icde/OlkenR92,
  author    = {Frank Olken and
               Doron Rotem},
  title     = {Maintenance of Materialized Views of Sampling Queries},
  booktitle = {ICDE},
  year      = {1992},
  pages     = {632-641},
  ee        = {http://dx.doi.org/10.1109/ICDE.1992.213145},
  crossref  = {DBLP:conf/icde/92},
  bibsource = {DBLP, http://dblp.uni-trier.de}
}



@inproceedings{tatbul2003load,
  author    = {Nesime Tatbul and
               Ugur \c{C}etintemel and
               Stanley B. Zdonik and
               Mitch Cherniack and
               Michael Stonebraker},
  title     = {Load Shedding in a Data Stream Manager},
  booktitle = {VLDB},
  year      = {2003},
  pages     = {309-320},
  ee        = {http://www.vldb.org/conf/2003/papers/S10P03.pdf},
  bibsource = {DBLP, http://dblp.uni-trier.de}
}

@phdthesis{olken1993random,
  title={Random sampling from databases},
  author={Olken, Frank},
  year={1993},
  school={University of California}
}


@inproceedings{rabkin2014aggregation,
  author    = {Rabkin, Ariel and Arye, Matvey and Sen, Siddhartha and Pai, Vivek S and Freedman, Michael J},
  title     = {Aggregation and Degradation in JetStream: Streaming analytics in the wide area},
  booktitle = {NSDI},
  year      = {2014}
}

@inproceedings{babcock2004load,
  author    = {Brian Babcock and
               Mayur Datar and
               Rajeev Motwani},
  title     = {Load Shedding for Aggregation Queries over Data Streams},
  booktitle = {ICDE},
  year      = {2004},
  pages     = {350-361},
  ee        = {http://doi.ieeecomputersociety.org/10.1109/ICDE.2004.1320010},
  crossref  = {DBLP:conf/icde/2004},
  bibsource = {DBLP, http://dblp.uni-trier.de}
}


@book{Garofalakis,
 author = {Garofalakis, Minos and Gehrke, Johannes and Rastogi, Rajeev},
 title = {Data Stream Management: Processing High-Speed Data Streams},
 year = {2011},
 isbn = {3540286071},
 publisher = {Springer}
} 



@article{gibbons1997fast,
  author    = {Phillip B. Gibbons and
               Yossi Matias and
               Viswanath Poosala},
  title     = {Fast incremental maintenance of approximate histograms},
  journal   = {ACM Trans. Database Syst.},
  volume    = {27},
  number    = {3},
  year      = {2002},
  pages     = {261-298},
  ee        = {http://doi.acm.org/10.1145/581751.581753},
  bibsource = {DBLP, http://dblp.uni-trier.de}
}

@inproceedings{gibbons1998new,
  title={New sampling-based summary statistics for improving approximate query answers},
  author={Gibbons, Phillip B and Matias, Yossi},
  booktitle={ACM SIGMOD Record},
  volume={27},
  number={2},
  pages={331--342},
  year={1998},
  organization={ACM}
}


@inproceedings{dobra2002processing,
  author    = {Alin Dobra and
               Minos N. Garofalakis and
               Johannes Gehrke and
               Rajeev Rastogi},
  title     = {Processing complex aggregate queries over data streams},
  booktitle = {SIGMOD Conference},
  year      = {2002},
  pages     = {61-72},
  ee        = {http://doi.acm.org/10.1145/564691.564699},
  crossref  = {DBLP:conf/sigmod/2002},
  bibsource = {DBLP, http://dblp.uni-trier.de}
}



@inproceedings{greenwald2001space,
  author    = {Michael Greenwald and
               Sanjeev Khanna},
  title     = {Space-Efficient Online Computation of Quantile Summaries},
  booktitle = {SIGMOD Conference},
  year      = {2001},
  pages     = {58-66},
  ee        = {http://doi.acm.org/10.1145/375663.375670},
  crossref  = {DBLP:conf/sigmod/2001},
  bibsource = {DBLP, http://dblp.uni-trier.de}
}


@inproceedings{re2007materialized,
  author    = {Christopher Re and
               Dan Suciu},
  title     = {Materialized Views in Probabilistic Databases for Information
               Exchange and Query Optimization},
  booktitle = {VLDB},
  year      = {2007},
  pages     = {51-62},
  ee        = {http://www.vldb.org/conf/2007/papers/research/p51-re.pdf},
  crossref  = {DBLP:conf/vldb/2007},
  bibsource = {DBLP, http://dblp.uni-trier.de}
}


@article{gupta1995maintenance,
  author    = {Ashish Gupta and
               Inderpal Singh Mumick},
  title     = {Maintenance of Materialized Views: Problems, Techniques,
               and Applications},
  journal   = {IEEE Data Eng. Bull.},
  volume    = {18},
  number    = {2},
  year      = {1995},
  pages     = {3-18},
  ee        = {http://sites.computer.org/debull/95JUN-CD.pdf},
  bibsource = {DBLP, http://dblp.uni-trier.de}
}

@article{gupta2006incremental,
  title={Incremental maintenance of aggregate and outerjoin expressions},
  author={Gupta, Himanshu and Mumick, Inderpal Singh},
  journal={Information Systems},
  volume={31},
  number={6},
  pages={435--464},
  year={2006},
  publisher={Elsevier}
}



@article{chirkova2011materialized,
  author    = {Rada Chirkova and
               Jun Yang},
  title     = {Materialized Views},
  journal   = {Foundations and Trends in Databases},
  volume    = {4},
  number    = {4},
  year      = {2012},
  pages     = {295-405},
  ee        = {http://dx.doi.org/10.1561/1900000020},
  bibsource = {DBLP, http://dblp.uni-trier.de}
}


@article{halevy2001answering,
  author    = {Alon Y. Halevy},
  title     = {Answering queries using views: A survey},
  journal   = {VLDB J.},
  volume    = {10},
  number    = {4},
  year      = {2001},
  pages     = {270-294},
  ee        = {http://dx.doi.org/10.1007/s007780100054},
  bibsource = {DBLP, http://dblp.uni-trier.de}
}


@inproceedings{zaharia2012resilient,
  author    = {Matei Zaharia and
               Mosharaf Chowdhury and
               Tathagata Das and
               Ankur Dave and
               Justin Ma and
               Murphy McCauly and
               Michael J. Franklin and
               Scott Shenker and
               Ion Stoica},
  title     = {Resilient Distributed Datasets: A Fault-Tolerant Abstraction
               for In-Memory Cluster Computing},
  booktitle = {NSDI},
  year      = {2012},
  pages     = {15-28},
  ee        = {https://www.usenix.org/conference/nsdi12/technical-sessions/presentation/zaharia},
  crossref  = {DBLP:conf/nsdi/2012},
  bibsource = {DBLP, http://dblp.uni-trier.de}
}

@inproceedings{lefevre2014opportunistic,
  author    = {Jeff LeFevre and
               Jagan Sankaranarayanan and
               Hakan Hacig{\"u}m{\"u}s and
               Jun'ichi Tatemura and
               Neoklis Polyzotis and
               Michael J. Carey},
  title     = {Opportunistic physical design for big data analytics},
  booktitle = {SIGMOD Conference},
  year      = {2014},
  pages     = {851-862},
  ee        = {http://doi.acm.org/10.1145/2588555.2610512},
  crossref  = {DBLP:conf/sigmod/2014},
  bibsource = {DBLP, http://dblp.uni-trier.de}
}


@inproceedings{zhou2007lazy,
  author    = {Jingren Zhou and
               Per-{\AA}ke Larson and
               Hicham G. Elmongui},
  title     = {Lazy Maintenance of Materialized Views},
  booktitle = {VLDB},
  year      = {2007},
  pages     = {231-242},
  ee        = {http://www.vldb.org/conf/2007/papers/research/p231-zhou.pdf},
  crossref  = {DBLP:conf/vldb/2007},
  bibsource = {DBLP, http://dblp.uni-trier.de}
}


@inproceedings{wang1999sample,
  author    = {Jiannan Wang and
               Sanjay Krishnan and
               Michael J. Franklin and
               Ken Goldberg and
               Tim Kraska and
               Tova Milo},
  title     = {A sample-and-clean framework for fast and accurate query
               processing on dirty data},
  booktitle = {SIGMOD Conference},
  year      = {2014},
  pages     = {469-480},
  ee        = {http://doi.acm.org/10.1145/2588555.2610505},
  crossref  = {DBLP:conf/sigmod/2014},
  bibsource = {DBLP, http://dblp.uni-trier.de}
}


@inproceedings{chaudhuri2001overcoming,
  author    = {Surajit Chaudhuri and
               Gautam Das and
               Mayur Datar and
               Rajeev Motwani and
               Vivek R. Narasayya},
  title     = {Overcoming Limitations of Sampling for Aggregation Queries},
  booktitle = {ICDE},
  year      = {2001},
  pages     = {534-542},
  ee        = {http://doi.ieeecomputersociety.org/10.1109/ICDE.2001.914867},
  crossref  = {DBLP:conf/icde/2001},
  bibsource = {DBLP, http://dblp.uni-trier.de}
}


@article{rahm2000data,
  author    = {Erhard Rahm and
               Hong Hai Do},
  title     = {Data Cleaning: Problems and Current Approaches},
  journal   = {IEEE Data Eng. Bull.},
  volume    = {23},
  number    = {4},
  year      = {2000},
  pages     = {3-13},
  ee        = {http://sites.computer.org/debull/A00DEC-CD.pdf},
  bibsource = {DBLP, http://dblp.uni-trier.de}
}


@inproceedings{kandel2011wrangler,
  author    = {Sean Kandel and
               Andreas Paepcke and
               Joseph Hellerstein and
               Jeffrey Heer},
  title     = {Wrangler: interactive visual specification of data transformation
               scripts},
  booktitle = {CHI},
  year      = {2011},
  pages     = {3363-3372},
  ee        = {http://doi.acm.org/10.1145/1978942.1979444},
  crossref  = {DBLP:conf/chi/2011},
  bibsource = {DBLP, http://dblp.uni-trier.de}
}


@article{clauset2009power,
  author    = {Aaron Clauset and
               Cosma Rohilla Shalizi and
               Mark E. J. Newman},
  title     = {Power-Law Distributions in Empirical Data},
  journal   = {SIAM Review},
  volume    = {51},
  number    = {4},
  year      = {2009},
  pages     = {661-703},
  ee        = {http://dx.doi.org/10.1137/070710111},
  bibsource = {DBLP, http://dblp.uni-trier.de}
}

@article{gray1997data,
  title={Data cube: A relational aggregation operator generalizing group-by, cross-tab, and sub-totals},
  author={Gray, Jim and Chaudhuri, Surajit and Bosworth, Adam and Layman, Andrew and Reichart, Don and Venkatrao, Murali and Pellow, Frank and Pirahesh, Hamid},
  journal={Data Mining and Knowledge Discovery},
  volume={1},
  number={1},
  pages={29--53},
  year={1997},
  publisher={Springer}
}

@article{gray1997data,
  author    = {Jim Gray and
               Surajit Chaudhuri and
               Adam Bosworth and
               Andrew Layman and
               Don Reichart and
               Murali Venkatrao and
               Frank Pellow and
               Hamid Pirahesh},
  title     = {Data Cube: A Relational Aggregation Operator Generalizing
               Group-by, Cross-Tab, and Sub Totals},
  journal   = {Data Min. Knowl. Discov.},
  volume    = {1},
  number    = {1},
  year      = {1997},
  pages     = {29-53},
  ee        = {http://dx.doi.org/10.1023/A:1009726021843},
  bibsource = {DBLP, http://dblp.uni-trier.de}
}

@book{cox1979theoretical,
  title={Theoretical statistics},
  author={Cox, David Roxbee and Hinkley, David Victor},
  year={1979},
  publisher={CRC Press}
}


@inproceedings{bruno2005flexible,
  author    = {Nicolas Bruno and
               Surajit Chaudhuri},
  title     = {Flexible Database Generators},
  booktitle = {VLDB},
  year      = {2005},
  pages     = {1097-1107},
  ee        = {http://www.vldb2005.org/program/paper/wed/p1097-bruno.pdf},
  crossref  = {DBLP:conf/vldb/2005},
  bibsource = {DBLP, http://dblp.uni-trier.de}
}



@inproceedings{agrawal2005database,
  author    = {Sanjay Agrawal and
               Surajit Chaudhuri and
               Lubor Koll{\'a}r and
               Arunprasad P. Marathe and
               Vivek R. Narasayya and
               Manoj Syamala},
  title     = {Database Tuning Advisor for Microsoft SQL Server 2005},
  booktitle = {VLDB},
  year      = {2004},
  pages     = {1110-1121},
  crossref  = {DBLP:conf/vldb/2004},
  bibsource = {DBLP, http://dblp.uni-trier.de}
}


@article{cuzzocrea2006improving,
  author    = {Alfredo Cuzzocrea},
  title     = {Improving range-sum query evaluation on data cubes via polynomial
               approximation},
  journal   = {Data Knowl. Eng.},
  volume    = {56},
  number    = {2},
  year      = {2006},
  pages     = {85-121},
  ee        = {http://dx.doi.org/10.1016/j.datak.2005.03.011},
  bibsource = {DBLP, http://dblp.uni-trier.de}
}

@article{mitzenmacher2004brief,
  author    = {Michael Mitzenmacher},
  title     = {A Brief History of Generative Models for Power Law and Lognormal
               Distributions},
  journal   = {Internet Mathematics},
  volume    = {1},
  number    = {2},
  year      = {2003},
  pages     = {226-251},
  ee        = {http://dx.doi.org/10.1080/15427951.2004.10129088},
  bibsource = {DBLP, http://dblp.uni-trier.de}
}


@inproceedings{agarwalknowing,
  author    = {Sameer Agarwal and
               Henry Milner and
               Ariel Kleiner and
               Ameet Talwalkar and
               Michael I. Jordan and
               Samuel Madden and
               Barzan Mozafari and
               Ion Stoica},
  title     = {Knowing when you're wrong: building fast and reliable approximate
               query processing systems},
  booktitle = {SIGMOD Conference},
  year      = {2014},
  pages     = {481-492},
  ee        = {http://doi.acm.org/10.1145/2588555.2593667},
  crossref  = {DBLP:conf/sigmod/2014},
  bibsource = {DBLP, http://dblp.uni-trier.de}
}

@misc{tpcdskew,
  author    = {S. Chaudhuri and V. Narasayya},
  title = {{TPC-D} data generation with skew},
  howpublished = {\url{ftp.research.microsoft.com/users/viveknar/tpcdskew}}
}

@inproceedings{srinivasanC92,
  author    = {V. Srinivasan and
               Michael J. Carey},
  title     = {Compensation-Based On-Line Query Processing},
  booktitle = {SIGMOD Conference},
  year      = {1992},
  pages     = {331-340},
  ee        = {http://doi.acm.org/10.1145/130283.130334},
  crossref  = {DBLP:conf/sigmod/92},
  bibsource = {DBLP, http://dblp.uni-trier.de}
}

@misc{conviva,
  title = { Conviva },
  howpublished = "\url{http://www.conviva.com/}"
}

@inproceedings{zhang2014mat,
  author    = {Ce Zhang and
               Arun Kumar and
               Christopher R{\'e}},
  title     = {Materialization optimizations for feature selection workloads},
  booktitle = {SIGMOD Conference},
  year      = {2014},
  pages     = {265-276},
  ee        = {http://doi.acm.org/10.1145/2588555.2593678},
  crossref  = {DBLP:conf/sigmod/2014},
  bibsource = {DBLP, http://dblp.uni-trier.de}
}

@inproceedings{OlkenR86,
  author    = {Frank Olken and
               Doron Rotem},
  title     = {Simple Random Sampling from Relational Databases},
  booktitle = {VLDB},
  year      = {1986},
  pages     = {160-169},
  ee        = {http://www.vldb.org/conf/1986/P160.PDF},
  crossref  = {DBLP:conf/vldb/86},
  bibsource = {DBLP, http://dblp.uni-trier.de}
}

@inproceedings{AgarwalMPMMS13,
  author    = {Sameer Agarwal and
               Barzan Mozafari and
               Aurojit Panda and
               Henry Milner and
               Samuel Madden and
               Ion Stoica},
  title     = {BlinkDB: queries with bounded errors and bounded response
               times on very large data},
  booktitle = {EuroSys},
  year      = {2013},
  pages     = {29-42},
  ee        = {http://doi.acm.org/10.1145/2465351.2465355},
  crossref  = {DBLP:conf/eurosys/2013},
  bibsource = {DBLP, http://dblp.uni-trier.de}
}

@inproceedings{LarsonY85,
  author    = {Per-{\AA}ke Larson and
               H. Z. Yang},
  title     = {Computing Queries from Derived Relations},
  booktitle = {VLDB},
  year      = {1985},
  pages     = {259-269},
  ee        = {http://www.vldb.org/conf/1985/P259.PDF},
  crossref  = {DBLP:conf/vldb/85},
  bibsource = {DBLP, http://dblp.uni-trier.de}
}

@inproceedings{KrishnamurthyFDFGLT10,
  author    = {Sailesh Krishnamurthy and
               Michael J. Franklin and
               Jeffrey Davis and
               Daniel Farina and
               Pasha Golovko and
               Alan Li and
               Neil Thombre},
  title     = {Continuous analytics over discontinuous streams},
  booktitle = {SIGMOD Conference},
  year      = {2010},
  pages     = {1081-1092},
  ee        = {http://doi.acm.org/10.1145/1807167.1807290},
  crossref  = {DBLP:conf/sigmod/2010},
  bibsource = {DBLP, http://dblp.uni-trier.de}
}

@inproceedings{grund2009vertical,
  title={Vertical partioning in insert-only scenarios for enterprise applications},
  author={Grund, Martin and Krueger, Jens and Tinnefeld, Christian and Zeier, Alexander},
  booktitle={IE\&EM},
  pages={760--765},
  year={2009},
  organization={IEEE}
}

@article{DBLP:journals/vldb/KochAKNNLS14,
  author    = {Christoph Koch and
               Yanif Ahmad and
               Oliver Kennedy and
               Milos Nikolic and
               Andres N{\"{o}}tzli and
               Daniel Lupei and
               Amir Shaikhha},
  title     = {DBToaster: higher-order delta processing for dynamic, frequently fresh
               views},
  journal   = {{VLDB} J.},
  year      = {2014},
  volume    = {23},
  number    = {2},
  pages     = {253--278},
  url       = {http://dx.doi.org/10.1007/s00778-013-0348-4},
  doi       = {10.1007/s00778-013-0348-4},
  timestamp = {Sat, 25 Oct 2014 22:04:56 +0200},
  biburl    = {http://dblp.uni-trier.de/rec/bib/journals/vldb/KochAKNNLS14},
  bibsource = {dblp computer science bibliography, http://dblp.org}
}

@inproceedings{DBLP:conf/sigmod/GriffinL95,
  author    = {Timothy Griffin and
               Leonid Libkin},
  title     = {Incremental Maintenance of Views with Duplicates},
  booktitle = {Proceedings of the 1995 {ACM} {SIGMOD} International Conference on
               Management of Data, San Jose, California, May 22-25, 1995.},
  year      = {1995},
  pages     = {328--339},
  crossref  = {DBLP:conf/sigmod/95},
  url       = {http://doi.acm.org/10.1145/223784.223849},
  doi       = {10.1145/223784.223849},
  timestamp = {Sat, 25 Oct 2014 22:06:08 +0200},
  biburl    = {http://dblp.uni-trier.de/rec/bib/conf/sigmod/GriffinL95},
  bibsource = {dblp computer science bibliography, http://dblp.org}
}

@article{griffin1997improved,
  title={An improved algorithm for the incremental recomputation of active relational expressions},
  author={Griffin, Timothy and Libkin, Leonid and Trickey, Howard},
  journal={IEEE Transactions on Knowledge and Data Engineering},
  volume={9},
  number={3},
  pages={508--511},
  year={1997},
  publisher={IEEE Computer Society}
}

@inproceedings{samtani1999self,
  title={Self maintenance of multiple views in data warehousing},
  author={Samtani, Sunil and Kumar, Vijay and Mohania, Mukesh},
  booktitle={Proceedings of the eighth international conference on Information and knowledge management},
  pages={292--299},
  year={1999},
  organization={ACM}
}

@inproceedings{DBLP:conf/sac/TrutaC07,
  author    = {Traian Marius Truta and
               Alina Campan},
  title     = {\emph{K}-anonymization incremental maintenance and optimization techniques},
  booktitle = {Proceedings of the 2007 {ACM} Symposium on Applied Computing (SAC),
               Seoul, Korea, March 11-15, 2007},
  year      = {2007},
  pages     = {380--387},
  crossref  = {DBLP:conf/sac/2007},
  url       = {http://doi.acm.org/10.1145/1244002.1244093},
  doi       = {10.1145/1244002.1244093},
  timestamp = {Sat, 25 Oct 2014 22:10:07 +0200},
  biburl    = {http://dblp.uni-trier.de/rec/bib/conf/sac/TrutaC07},
  bibsource = {dblp computer science bibliography, http://dblp.org}
}

@inproceedings{babcock2002sampling,
  title={Sampling from a moving window over streaming data},
  author={Babcock, Brian and Datar, Mayur and Motwani, Rajeev},
  booktitle={Proceedings of the thirteenth annual ACM-SIAM symposium on Discrete algorithms},
  pages={633--634},
  year={2002},
  organization={Society for Industrial and Applied Mathematics}
}

@article{DBLP:journals/pvldb/MankuM12,
  author    = {Gurmeet Singh Manku and
               Rajeev Motwani},
  title     = {Approximate Frequency Counts over Data Streams},
  journal   = {{PVLDB}},
  year      = {2012},
  volume    = {5},
  number    = {12},
  pages     = {1699},
  url       = {http://vldb.org/pvldb/vol5/p1699_gurmeetsinghmanku_vldb2012.pdf},
  timestamp = {Sat, 25 Oct 2014 22:29:11 +0200},
  biburl    = {http://dblp.uni-trier.de/rec/bib/journals/pvldb/MankuM12},
  bibsource = {dblp computer science bibliography, http://dblp.org}
}

@article{DBLP:journals/vldb/CuiW03,
  author    = {Yingwei Cui and
               Jennifer Widom},
  title     = {Lineage tracing for general data warehouse transformations},
  journal   = {{VLDB} J.},
  year      = {2003},
  volume    = {12},
  number    = {1},
  pages     = {41--58},
  url       = {http://dx.doi.org/10.1007/s00778-002-0083-8},
  doi       = {10.1007/s00778-002-0083-8},
  timestamp = {Sat, 25 Oct 2014 22:33:11 +0200},
  biburl    = {http://dblp.uni-trier.de/rec/bib/journals/vldb/CuiW03},
  bibsource = {dblp computer science bibliography, http://dblp.org}
}

@inproceedings{DBLP:conf/pods/Koch10,
  author    = {Christoph Koch},
  title     = {Incremental query evaluation in a ring of databases},
  booktitle = {Proceedings of the Twenty-Ninth {ACM} {SIGMOD-SIGACT-SIGART} Symposium
               on Principles of Database Systems, {PODS} 2010, June 6-11, 2010, Indianapolis,
               Indiana, {USA}},
  year      = {2010},
  pages     = {87--98},
  crossref  = {DBLP:conf/pods/2010},
  url       = {http://doi.acm.org/10.1145/1807085.1807100},
  doi       = {10.1145/1807085.1807100},
  timestamp = {Sun, 26 Oct 2014 00:27:34 +0200},
  biburl    = {http://dblp.uni-trier.de/rec/bib/conf/pods/Koch10},
  bibsource = {dblp computer science bibliography, http://dblp.org}
}

@inproceedings{DBLP:conf/sigmod/ZengGMZ14,
  author    = {Kai Zeng and
               Shi Gao and
               Barzan Mozafari and
               Carlo Zaniolo},
  title     = {The analytical bootstrap: a new method for fast error estimation in
               approximate query processing},
  booktitle = {SIGMOD},
  year      = {2014},
  pages     = {277--288},
  crossref  = {DBLP:conf/sigmod/2014},
  url       = {http://doi.acm.org/10.1145/2588555.2588579},
  doi       = {10.1145/2588555.2588579},
  timestamp = {Sun, 26 Oct 2014 02:19:28 +0100},
  biburl    = {http://dblp.uni-trier.de/rec/bib/conf/sigmod/ZengGMZ14},
  bibsource = {dblp computer science bibliography, http://dblp.org}
}

@inproceedings{karger1997consistent,
  title={Consistent hashing and random trees: Distributed caching protocols for relieving hot spots on the World Wide Web},
  author={Karger, David and Lehman, Eric and Leighton, Tom and Panigrahy, Rina and Levine, Matthew and Lewin, Daniel},
  booktitle={Proceedings of the twenty-ninth annual ACM symposium on Theory of computing},
  pages={654--663},
  year={1997},
  organization={ACM}
}

@inproceedings{DBLP:conf/kdd/KleinerTASJ13,
  author    = {Ariel Kleiner and
               Ameet Talwalkar and
               Sameer Agarwal and
               Ion Stoica and
               Michael I. Jordan},
  title     = {A general bootstrap performance diagnostic},
  booktitle = {KDD},
  year      = {2013},
  pages     = {419--427},
  crossref  = {DBLP:conf/kdd/2013},
  url       = {http://doi.acm.org/10.1145/2487575.2487650},
  doi       = {10.1145/2487575.2487650},
  timestamp = {Thu, 30 Oct 2014 00:15:51 +0100},
  biburl    = {http://dblp.uni-trier.de/rec/bib/conf/kdd/KleinerTASJ13},
  bibsource = {dblp computer science bibliography, http://dblp.org}
}

@inproceedings{DBLP:conf/pods/CharikarCMN00,
  author    = {Moses Charikar and
               Surajit Chaudhuri and
               Rajeev Motwani and
               Vivek R. Narasayya},
  title     = {Towards Estimation Error Guarantees for Distinct Values},
  booktitle = {Proceedings of the Nineteenth {ACM} {SIGMOD-SIGACT-SIGART} Symposium
               on Principles of Database Systems, May 15-17, 2000, Dallas, Texas,
               {USA}},
  year      = {2000},
  pages     = {268--279},
  crossref  = {DBLP:conf/pods/00},
  url       = {http://doi.acm.org/10.1145/335168.335230},
  doi       = {10.1145/335168.335230},
  timestamp = {Thu, 30 Oct 2014 05:19:22 +0100},
  biburl    = {http://dblp.uni-trier.de/rec/bib/conf/pods/CharikarCMN00},
  bibsource = {dblp computer science bibliography, http://dblp.org}
}

@inproceedings{chaudhuri1999random,
  title={On random sampling over joins},
  author={Chaudhuri, Surajit and Motwani, Rajeev and Narasayya, Vivek},
  booktitle={SIGMOD},
  volume={28},
  number={2},
  pages={263--274},
  year={1999},
  organization={ACM}
}

@article{hoeffding1948class,
  title={A class of statistics with asymptotically normal distribution},
  author={Hoeffding, Wassily},
  journal={The Annals of Mathematical Statistics},
  pages={293--325},
  year={1948},
  publisher={JSTOR}
}

@article{gray1997data,
  title={Data cube: A relational aggregation operator generalizing group-by, cross-tab, and sub-totals},
  author={Gray, Jim and Chaudhuri, Surajit and Bosworth, Adam and Layman, Andrew and Reichart, Don and Venkatrao, Murali and Pellow, Frank and Pirahesh, Hamid},
  journal={Data Mining and Knowledge Discovery},
  volume={1},
  number={1},
  pages={29--53},
  year={1997},
  publisher={Springer}
}

@article{DBLP:journals/toms/Vitter85,
  author    = {Jeffrey Scott Vitter},
  title     = {Random Sampling with a Reservoir},
  journal   = {{ACM} Trans. Math. Softw.},
  volume    = {11},
  number    = {1},
  pages     = {37--57},
  year      = {1985},
  url       = {http://doi.acm.org/10.1145/3147.3165},
  doi       = {10.1145/3147.3165},
  timestamp = {Mon, 03 Apr 2006 11:19:11 +0200},
  biburl    = {http://dblp.uni-trier.de/rec/bib/journals/toms/Vitter85},
  bibsource = {dblp computer science bibliography, http://dblp.org}
}

@article{DBLP:journals/pvldb/NirkhiwaleDJ13,
  author    = {Supriya Nirkhiwale and
               Alin Dobra and
               Christopher M. Jermaine},
  title     = {A Sampling Algebra for Aggregate Estimation},
  journal   = {{PVLDB}},
  volume    = {6},
  number    = {14},
  pages     = {1798--1809},
  year      = {2013},
  url       = {http://www.vldb.org/pvldb/vol6/p1798-nirkhiwale.pdf},
  timestamp = {Thu, 28 Nov 2013 16:29:30 +0100},
  biburl    = {http://dblp.uni-trier.de/rec/bib/journals/pvldb/NirkhiwaleDJ13},
  bibsource = {dblp computer science bibliography, http://dblp.org}
}

@article{shuster1982nonparametric,
  title={Nonparametric optimality of the sample mean and sample variance},
  author={Shuster, Jonathan J},
  journal={The American Statistician},
  volume={36},
  number={3a},
  pages={176--178},
  year={1982},
  publisher={Taylor \& Francis}
}

@article{DBLP:journals/ftdb/CormodeGHJ12,
  author    = {Graham Cormode and
               Minos N. Garofalakis and
               Peter J. Haas and
               Chris Jermaine},
  title     = {Synopses for Massive Data: Samples, Histograms, Wavelets, Sketches},
  journal   = {Foundations and Trends in Databases},
  volume    = {4},
  number    = {1-3},
  pages     = {1--294},
  year      = {2012},
  url       = {http://dx.doi.org/10.1561/1900000004},
  doi       = {10.1561/1900000004},
  timestamp = {Fri, 09 Mar 2012 20:36:50 +0100},
  biburl    = {http://dblp.uni-trier.de/rec/bib/journals/ftdb/CormodeGHJ12},
  bibsource = {dblp computer science bibliography, http://dblp.org}
}

@misc{technicalReport,
  title={Stale View Cleaning: Getting Fresh Answers from Stale Materialized Views},
  author={Sanjay Krishnan and Jianan Wang and Michael J. Franklin and Ken Goldberg and Tim Kraska},
  howpublished = {\url{http://www.ocf.berkeley.edu/~sanjayk/pubs/svc-2014.pdf}},
  year={2014}
}

@inproceedings{larson2007cardinality,
  title={Cardinality estimation using sample views with quality assurance},
  author={Larson, Per-Ake and Lehner, Wolfgang and Zhou, Jingren and Zabback, Peter},
  booktitle={SIGMOD},
  pages={175--186},
  year={2007}
}

@article{DBLP:journals/pvldb/0002M13,
  author    = {Eugene Wu and
               Samuel Madden},
  title     = {Scorpion: Explaining Away Outliers in Aggregate Queries},
  journal   = {{PVLDB}},
  volume    = {6},
  number    = {8},
  pages     = {553--564},
  year      = {2013},
  url       = {http://www.vldb.org/pvldb/vol6/p553-wu.pdf},
  timestamp = {Sun, 30 Oct 4437921 17:02:08 +},
  biburl    = {http://dblp.uni-trier.de/rec/bib/journals/pvldb/0002M13},
  bibsource = {dblp computer science bibliography, http://dblp.org}
}

@inproceedings{DBLP:conf/sigmod/ChalamallaIOP14,
  author    = {Anup Chalamalla and
               Ihab F. Ilyas and
               Mourad Ouzzani and
               Paolo Papotti},
  title     = {Descriptive and prescriptive data cleaning},
  booktitle = {SIGMOD Conference},
  pages     = {445--456},
  year      = {2014},
  crossref  = {DBLP:conf/sigmod/2014},
  url       = {http://doi.acm.org/10.1145/2588555.2610520},
  doi       = {10.1145/2588555.2610520},
  timestamp = {Sun, 22 Jun 2014 11:31:11 +0200},
  biburl    = {http://dblp.uni-trier.de/rec/bib/conf/sigmod/ChalamallaIOP14},
  bibsource = {dblp computer science bibliography, http://dblp.org}
}

@inproceedings{DBLP:conf/sigmod/MeliouGNS11,
  author    = {Alexandra Meliou and
               Wolfgang Gatterbauer and
               Suman Nath and
               Dan Suciu},
  title     = {Tracing data errors with view-conditioned causality},
  booktitle = {SIGMOD Conference},
  pages     = {505--516},
  year      = {2011},
  crossref  = {DBLP:conf/sigmod/2011},
  url       = {http://doi.acm.org/10.1145/1989323.1989376},
  doi       = {10.1145/1989323.1989376},
  timestamp = {Thu, 16 Jun 2011 17:14:38 +0200},
  biburl    = {http://dblp.uni-trier.de/rec/bib/conf/sigmod/MeliouGNS11},
  bibsource = {dblp computer science bibliography, http://dblp.org}
}

@incollection{engstrom2002systematic,
  title={A systematic approach to selecting maintenance policies in a data warehouse environment},
  author={Engstr{\"o}m, Henrik and Chakravarthy, Sharma and Lings, Brian},
  booktitle={Advances in Database Technology—EDBT 2002},
  pages={317--335},
  year={2002},
  publisher={Springer}
}